@article{eguchi,
	title = "Detection of Acidothermophilic Bacilli in Industrialized Fruit Juices, FRUIT PROCESSING",
	journal = "FRUIT PROCESSING",
	author = "Eguchi, S. Y. et al.",
	issn = "0939-4435",
	volume = "7",
	number = "9",
	pages = "350-353",
	publisher = "FLUESSIGES OBST GMBH; ",
	url = "https://www.tib.eu/de/suchen/id/BLSE%3ARN032043094",
	series = "FRUIT PROCESSING",
	year = "1997",
}
@article{previdi,
	title = "Characterization of Alicyclobacillus, a spore-forming thermophilic acidophilic bacterium",
	journal = "The Indian Journal of Soil Conservation",
	author = "Previdi, M.P., Colla, P. and Vicini, E.",
	number = "70",
	pages = "128-132",
	year = "1995",
}
@article{pena,
	author = {Peña, Wilmer and Massaguer, Pilar and ZUÑIGA, A.D.G. and Saraiva, Sergio},
	year = {2011},
	month = {08},
	pages = {},
	title = {Modeling the growth limit of Alicyclobacillus acidoterrestris CRA7152 in apple juice: Effect of pH, Brix, temperature and nisin concentration},
	volume = {35},
	journal = {Journal of Food Processing and Preservation},
	doi = {10.1111/j.1745-4549.2010.00496.x}
}
@article {splittstoesser,
	Title = {Growth characteristics of aciduric sporeforming bacilli isolated from fruit juices},
	Author = {Splittstoesser, DF and Churey, JJ and Lee, CY},
	DOI = {10.4315/0362-028x-57.12.1080},
	Number = {12},
	Volume = {57},
	Month = {December},
	Year = {1994},
	Journal = {Journal of food protection},
	ISSN = {0362-028X},
	Pages = {1080—1083},
	URL = {https://doi.org/10.4315/0362-028X-57.12.1080},
}
@Manual{r,
	title = {R: A Language and Environment for Statistical Computing},
	author = {{R Core Team}},
	organization = {R Foundation for Statistical Computing},
	address = {Vienna, Austria},
	year = {2019},
	url = {https://www.R-project.org/},
}
@Manual{kableExtra,
	title = {kableExtra: Construct Complex Table with 'kable' and Pipe Syntax},
	author = {Hao Zhu},
	year = {2019},
	note = {R package version 1.1.0},
	url = {https://CRAN.R-project.org/package=kableExtra},
}
@Book{plotly,
	author = {Carson Sievert},
	title = {Interactive Web-Based Data Visualization with R, plotly, and shiny},
	publisher = {Chapman and Hall/CRC},
	year = {2020},
	isbn = {9781138331457},
	url = {https://plotly-r.com},
}